@inproceedings{Bench4Q,
	added-at = {2011-12-10T00:00:00.000+0100},
	author = {Zhang, Wenbo and Wang, Sa and Wang, Wei and Zhong, Hua},
	bibhowpublished = {http://www.bibsonomy.org/bibtex/28838dd7add29e4148a83306df6d68c59/dblp},
	booktitle = {COMPSAC},
	ee = {http://doi.ieeecomputersociety.org/10.1109/COMPSAC.2011.14},
	interhash = {2f0aed3717e62aa7683c131a61076448},
	intrahash = {8838dd7add29e4148a83306df6d68c59},
	isbn = {978-0-7695-4439-7},
	keywords = {dblp},
	pages = {38-47},
	publisher = {IEEE Computer Society},
	timestamp = {2011-12-10T00:00:00.000+0100},
	title = {Bench4Q: A QoS-Oriented E-Commerce Benchmark.},
	year = 2011
}

@phdthesis{Edwin2015,
	author = {Mamani, Edwin L. C.},
	school = {Universidade de S{\~{a}}o Paulo},
	title = {{Metodologia de benchmark para avalia{\c{c}}{\~{a}}o de desempenho n{\~{a}}o-estacion{\'{a}}ria: um estudo de caso baseado em aplica{\c{c}}{\~{o}}es de computa{\c{c}}{\~{a}}o em nuvem}},
	year = {2015}
}

@inproceedings{Gao2013,
	author = {Gao, Qiang and Wang, Wei and Wu, Guoquan and Li, Xuan and Wei, Jun and Zhong, Hua},
	booktitle = {2013 IEEE Seventh International Symposium on Service-Oriented System Engineering},
	doi = {10.1109/SOSE.2013.59},
	keywords = {-cloud computing,load testing,migrating},
	month = mar,
	pages = {429--434},
	publisher = {IEEE},
	title = {{Migrating Load Testing to the Cloud: A Case Study}},
	publisher = {http://ieeexplore.ieee.org/lpdocs/epic03/wrapper.htm?arnumber=6525558},
	year = {2013}
}

@mastersthesis{helder2014,
	author = 	 {Luz, Helder Jefferson Ferreira da},
	title = 	 {Um método para previsão de sobrecarga transiente em sistemas computacionais por meio de modelos dinâmicos obtidos empiricamente},
	school = 	 {Instituto de Ciências Matemáticas e de Computação, University of São Paulo},
	year = 	 {2014}	
}

@ARTICLE{Heilig2014, 
	author={Heilig, L. and Voss, S.}, 
	journal={Cloud Computing, IEEE Transactions on}, 
	title={A Scientometric Analysis of Cloud Computing Literature}, 
	year={2014}, 
	month={July}, 
	volume={2}, 
	number={3}, 
	pages={266-278}, 
	keywords={cloud computing;information analysis;pattern clustering;word processing;bibliographic database;cloud computing;keyword cluster analysis;publication patterns;research impact;research productivity;scientometric analysis;Bibliometrics;Cloud computing;Indexes;Market research;Productivity;Cloud computing;cloud computing research;keyword cluster analysis;scientometric analysis;scientometrics}, 
	doi={10.1109/TCC.2014.2321168}, 
	ISSN={2168-7161}
}

@book{Hellerstein2004,
	address = {Hoboken, NJ, USA},
	author = {Hellerstein, Joseph L. and Diao, Yixin and Parekh, Sujay and Tilbury, Dawn M.},
	doi = {10.1002/047166880X},
	edition = {1},
	isbn = {047126637X},
	month = aug,
	pages = {429},
	publisher = {John Wiley \& Sons, Inc.},
	title = {{Feedback Control of Computing Systems}},
	year = {2004}
}

@INPROCEEDINGS{Lourenco2015,
	author={Lourenço Alves Pereira Júnior and Edwin Luis Choquehuanca
	Mamani  and Francisco José Monaco},
	booktitle={Computer Architecture and High Performance Computing
	(SBAC-PAD), 2015 IEEE 27th International Symposium on},
	title={Non-stationary simulation of computer systems and dynamic
	performance evaluation: a concern-based approach and case study on
	cloud computing},
	year={2015},
	pages={(to be printed)},
	keywords={cloud computing;distributed processing;software performance
	evaluation;cloud computing applications;dynamic resource
	control;large-scale distributed systems;nonstationary performance
	evaluation;transient analysis models;transient performance
	evaluation;Cloud computing;Computational modeling;Performance
	evaluation;Resource management;Steady-state;Time factors;Transient
	analysis;Auto-scaling;Cloud Computing;Control Theory;Quality of
	Service (QoS)},
	ISSN={1550-6533},
	month={Oct},}



@book{Jain1991,
	author = {Jain, Raj K.},
	file = {:home/edwin/Mendeley-Files/Jain/Unknown/Jain - 1991 - The Art of Computer Systems Performance Analysis Techniques for Experimental Design, Measurement, Simulation, and Modeling.pdf:pdf},
	isbn = {0471503363},
	pages = {685},
	publisher = {Wiley Computer Publishing, John Wiley \& Sons, Inc.},
	title = {{The Art of Computer Systems Performance Analysis: Techniques for Experimental Design, Measurement, Simulation, and Modeling}},
	howpublished = {http://books.google.com.br/books/about/The\_art\_of\_computer\_systems\_performance.html?id=t91QAAAAMAAJ\&redir\_esc},
	year = {1991}
}

@book{Janert2013,
	author = {Janert, Philipp K.},
	title = {Feedback Control for Computer Systems},
	year = {2013},
	isbn = {1449361692, 9781449361693},
	publisher = {O'Reilly Media, Inc.},
} 


@article{Padala2007,
	author = {Padala},
	title = {Adaptive Control of Virtualized Resources in Utility Computing Environments},
	journal = {SIGOPS Oper. Syst. Rev.},
	issue_date = {June 2007},
	volume = {41},
	number = {3},
	month = mar,
	year = {2007},
	issn = {0163-5980},
	pages = {289--302},
	numpages = {14},
	url = {http://doi.acm.org/10.1145/1272998.1273026},
	doi = {10.1145/1272998.1273026},
	acmid = {1273026},
	publisher = {ACM},
	address = {New York, NY, USA},
	keywords = {application QoS, control theory, data center, resource utilization, server consolidation, virtualization},
} 

@phdthesis{Nobile2013,
	author = {Nobile, Pedro Northon},
	title = {{Projeto de um Broker de Gerenciamento Adaptativo de Recursos em Computa\c{c}\~{a}o em Nuvem Baseado em T\'{e}cnicas de Controle Realimentado}},
	school = {Instituto de Ciências Matemáticas e de Computação (ICMC), Universidade de São Paulo - USP},
	year = {2013}
}

@inproceedings{Zhang2012a,
	author = {Zhang, Jianhua and Zhang, Wenbo and Wu, Heng and Huang, Tao},
	booktitle = {2012 IEEE Ninth International Conference on e-Business Engineering},
	doi = {10.1109/ICEBE.2012.67},
	isbn = {978-1-4673-2601-8},
	keywords = {-virtualization,fault detection,multi-level},
	mendeley-groups = {Edwin/bench4q},
	month = sep,
	pages = {367--373},
	publisher = {IEEE},
	title = {{VMFDF: A Virtualization-based Multi-Level Fault Detection Framework for High Availability Computing}},
	publisher = {http://ieeexplore.ieee.org/lpdocs/epic03/wrapper.htm?arnumber=6468266},
	year = {2012}
}

@techreport{wang2009,
	title={Autonomic Resource Management for Virtualized Database Hosting Systems},
	author={Wang, Lixi and Xu, Jing and Zhao, Ming and Tu, Yicheng and Fortes, Jose},
	year={2009},
	institution={Citeseer}
}



@inproceedings{Wang2012b,
	author = {Wang, Tao and Zhang, Wenbo and Wei, Jun and Zhong, Hua},
	booktitle = {2012 IEEE 36th Annual Computer Software and Applications Conference},
	doi = {10.1109/COMPSAC.2012.12},
	isbn = {978-1-4673-1990-4},
	keywords = {-anomaly detection,enterprise,local outlier factor,workload characterization},
	mendeley-groups = {Edwin/bench4q},
	month = jul,
	pages = {25--34},
	publisher = {IEEE},
	title = {{Workload-Aware Online Anomaly Detection in Enterprise Applications with Local Outlier Factor}},
	publisher = {http://ieeexplore.ieee.org/lpdocs/epic03/wrapper.htm?arnumber=6340251},
	year = {2012}
}