% This file was created with JabRef 2.10.
% Encoding: UTF8


@inproceedings{Abdelzaher2008,
	year={2008},
	isbn={978-0-387-79360-3},
	booktitle={Performance Modeling and Engineering},
	editor={Liu, Zhen and Xia, CathyH.},
	doi={10.1007/978-0-387-79361-0_7},
	title={Introduction to Control Theory And Its Application to Computing Systems},
	url={http://dx.doi.org/10.1007/978-0-387-79361-0_7},
	publisher={Springer US},
	author={Abdelzaher, Tarek and Diao, Yixin and Hellerstein, JosephL. and Lu, Chenyang and Zhu, Xiaoyun},
	pages={185-215}
}

@ARTICLE{Arlitt2000, 
	author={Arlitt, M. and Jin, T.}, 
	journal={Network, IEEE}, 
	title={A workload characterization study of the 1998 World Cup Web site}, 
	year={2000}, 
	month={May}, 
	volume={14}, 
	number={3}, 
	pages={30-37}, 
	keywords={Internet;cache storage;information resources;performance evaluation;search engines;telecommunication traffic;1998 World Cup Web site;Internet;Web server workloads;World Wide Web caches;caching architecture;measurements;workload characterization study;HTML;History;Laboratories;Network servers;Service oriented architecture;TV;Telecommunication traffic;Web server;Web sites}, 
	doi={10.1109/65.844498}, 
	ISSN={0890-8044},}

@inproceedings{Bench4Q,
	added-at = {2011-12-10T00:00:00.000+0100},
	author = {Zhang, Wenbo and Wang, Sa and Wang, Wei and Zhong, Hua},
	bibhowpublished = {http://www.bibsonomy.org/bibtex/28838dd7add29e4148a83306df6d68c59/dblp},
	booktitle = {COMPSAC},
	ee = {http://doi.ieeecomputersociety.org/10.1109/COMPSAC.2011.14},
	interhash = {2f0aed3717e62aa7683c131a61076448},
	intrahash = {8838dd7add29e4148a83306df6d68c59},
	isbn = {978-0-7695-4439-7},
	keywords = {dblp},
	pages = {38-47},
	publisher = {IEEE Computer Society},
	timestamp = {2011-12-10T00:00:00.000+0100},
	title = {Bench4Q: A QoS-Oriented E-Commerce Benchmark.},
	year = 2011
}

@misc{bench4qslides,
	author ={Ow2 and Trustie},
	title = {{Bench4Q: A QoS-oriented E-Commerce Benchmark Tool}},
	year = {2010},
	publisher = {http://www.ow2.org/.../20100925-Bench4Q-1.3.0-ISCAS.pdf},
	urldate = {8/13/2012}
}

@misc{blackfridayNews,
	author = {{E-commerce Brasil}},
	title = {{Tempo de resposta em sites de e-commerce aumenta em mais de 300\% no Black Friday 2012}},
	howpublished = {https://www.ecommercebrasil.com.br/noticias/tempo-de-resposta-em-sites-de-e-commerce-aumenta-em-mais-de-300-no-black-friday-2012/},
	urldate = {26/9/2013},
	year = {2012}
}


@inproceedings{Binnig2009,
	author = {Binnig, Carsten and Kossmann, Donald and Kraska, Tim and Loesing, Simon},
	title = {How is the Weather Tomorrow? Towards a Benchmark for the Cloud},
	booktitle = {Proceedings of the Second International Workshop on Testing Database Systems},
	series = {DBTest '09},
	year = {2009},
	isbn = {978-1-60558-706-6},
	location = {Providence, Rhode Island},
	pages = {9:1--9:6},
	articleno = {9},
	numpages = {6},
	url = {http://doi.acm.org/10.1145/1594156.1594168},
	doi = {10.1145/1594156.1594168},
	acmid = {1594168},
	publisher = {ACM},
	address = {New York, NY, USA},
} 

@article{boggia2007,
	author = {Boggia, Gennaro and Camarda, Pietro and Grieco, Luigi Alfredo and Mascolo, Saverio},
	doi = {10.1109/TNET.2007.892881},
	file = {:home/pedro/Documents/Doutorado/referencias-doc/p323-boggia.pdf:pdf},
	issn = {1063-6692},
	journal = {IEEE/ACM Transactions on Networking},
	month = apr,
	number = {2},
	pages = {323--333},
	title = {{Feedback-Based Control for Providing Real-Time Services With the 802.11e MAC}},
	publisher = {http://ieeexplore.ieee.org/lpdocs/epic03/wrapper.htm?arnumber=4154743},
	volume = {15},
	year = {2007}
}
@book{box2011,
	author = {Box, G. E. P and Jenkins, G. M.},
	isbn = {978-0130607744},
	pages = {734},
	publisher = {Wiley},
	title = {{Times series analysis: forecasting and control}},
	year = {2011}
}

@inproceedings{buyya2009,
	author = {Buyya, Rajkumar and Ranjan, Rajiv and Calheiros, Rodrigo N.},
	booktitle = {2009 International Conference on High Performance Computing \& Simulation},
	doi = {10.1109/HPCSIM.2009.5192685},
	file = {:home/pedro/Documents/Doutorado/referencias-doc/05192685.pdf:pdf},
	isbn = {978-1-4244-4906-4},
	month = jun,
	pages = {1--11},
	publisher = {IEEE},
	title = {{Modeling and simulation of scalable Cloud computing environments and the CloudSim toolkit: Challenges and opportunities}},
	publisher = {http://ieeexplore.ieee.org/lpdocs/epic03/wrapper.htm?arnumber=5192685},
	year = {2009}
}

@incollection{Buyya2010,
	author = {Buyya, Rajkumar and Ranjan, Rajiv and Calheiros, Rodrigo},
	booktitle = {Algorithms and Architectures for Parallel Processing},
	doi = {10.1007/978-3-642-13119-6\_2},
	editor = {Ching-Hsien, Hsu and Laurence, Yang and Jong, Park and Sang-Soo, Yeo},
	isbn = {978-3-642-13118-9},
	keywords = {Computer Science},
	pages = {13--31},
	publisher = {Springer Berlin / Heidelberg},
	title = {{InterCloud : Utility-Oriented Federation of Cloud Computing Environments for Scaling of Application Services}},
	howpublished = {http://dx.doi.org/10.1007/978-3-642-13119-6\_2},
	volume = {6081},
	year = {2010}
}

@ARTICLE{Camila2008,
	author={Camila Avozani Zago, Vanina Macowski Durski Silva, Leandro Callegari Coelho},
	title={Benchmarking: uma perspectiva de avaliação de desempenho	logístico},
	publisher={Simpósio de Excelência em Gestão e Tecnologia},
	year={2008}
}

@ARTICLE{Casale2012, 
	author={Casale, G. and Kalbasi, A. and Krishnamurthy, D. and Rolia, J.}, 
	journal={Software Engineering, IEEE Transactions on}, 
	title={BURN: Enabling Workload Burstiness in Customized Service Benchmarks}, 
	year={2012}, 
	volume={38}, 
	number={4}, 
	pages={778-793}, 
	keywords={Markov processes;benchmark testing;BURN;Markov models;controlled burstiness;customized benchmarks;customized service benchmarks;fine-grained scale;latency;model-based technique;multitier application;nonbursty workloads;optimization program;resource consumption pattern;session service demands;software services;target request mix;three-tier application testbed;throughput degradation;time-varying resource usage condition;user-specified levels;workload burstiness;Aggregates;Analytical models;Benchmark testing;Computational modeling;Linear regression;Markov processes;Servers;Benchmarking;bottleneck migration;burstiness;overdemand;performance}, 
	doi={10.1109/TSE.2011.58}, 
	ISSN={0098-5589}
}

@INPROCEEDINGS{Cervino2012, 
	author={Cervino, J. and Kalyvianaki, E. and Salvachua, J. and Pietzuch, P.}, 
	booktitle={Data Engineering Workshops (ICDEW), 2012 IEEE 28th International Conference on}, 
	title={Adaptive Provisioning of Stream Processing Systems in the Cloud}, 
	year={2012}, 
	month={April}, 
	pages={295-301}, 
	keywords={cloud computing;resource allocation;virtual machines;Amazon EC2;VM provisioning;Web analytics;adaptive approach;adaptive provisioning;cloud computing;cloud-based DSPS deployments;data-intensive applications;distributed stream processing systems;jitter;low-latency stream processing;network latency;performance metrics;real-time data;resource allocation;social networking;stream rates;stream workload;virtual machines;Benchmark testing;Cloud computing;Delay;Digital signal processing;Engines;Jitter;Throughput}, 
	doi={10.1109/ICDEW.2012.40}
}

@incollection{Chen2014,
	year={2014},
	isbn={978-3-642-53973-2},
	booktitle={Specifying Big Data Benchmarks},
	volume={8163},
	series={Lecture Notes in Computer Science},
	editor={Rabl, Tilmann and Poess, Meikel and Baru, Chaitanya and Jacobsen, Hans-Arno},
	doi={10.1007/978-3-642-53974-9_4},
	title={From TPC-C to Big Data Benchmarks: A Functional Workload Model},
	url={http://dx.doi.org/10.1007/978-3-642-53974-9_4},
	publisher={Springer Berlin Heidelberg},
	author={Chen, Yanpei and Raab, Francois and Katz, Randy},
	pages={28-43},
	language={English}
}

@book{cherkasova1998,
	title={Session based admission control: a mechanism for improving the performance of an overloaded web server},
	author={Cherkasova, Ludmila and Phaal, Peter},
	year={1998},
	publisher={Hewlett-Packard Laboratories}
}

@inproceedings{Cooper2010,
	author = {Cooper, Brian F. and Silberstein, Adam and Tam, Erwin and Ramakrishnan, Raghu and Sears, Russell},
	title = {Benchmarking Cloud Serving Systems with YCSB},
	booktitle = {Proceedings of the 1st ACM Symposium on Cloud Computing},
	series = {SoCC '10},
	year = {2010},
	isbn = {978-1-4503-0036-0},
	location = {Indianapolis, Indiana, USA},
	pages = {143--154},
	numpages = {12},
	url = {http://doi.acm.org/10.1145/1807128.1807152},
	doi = {10.1145/1807128.1807152},
	acmid = {1807152},
	publisher = {ACM},
	address = {New York, NY, USA},
	keywords = {benchmarking, cloud serving database},
}

@book{Dean1991,
	author = {Dean, Thomas L. and Wellman, Michael P.},
	title = {Planning and Control},
	year = {1991},
	isbn = {1-55860-209-7},
	publisher = {Morgan Kaufmann Publishers Inc.},
	address = {San Francisco, CA, USA},
}

@ARTICLE{Dong2014, 
	author={Dong Huang and Bingsheng He and Chunyan Miao}, 
	journal={Communications Surveys Tutorials, IEEE}, 
	title={A Survey of Resource Management in Multi-Tier Web Applications}, 
	year={2014}, 
	month={Third}, 
	volume={16}, 
	number={3}, 
	pages={1574-1590}, 
	keywords={Web services;cloud computing;contracts;fuzzy control;learning (artificial intelligence);resource allocation;SLA;Web service providers;model based approach;multi-tier Web applications;pay-as-you-go cloud computing environments;resource allocation;resource demand;resource management;resource provisioning;rule based approach;service level agreements;software reusability;Machine learning algorithms;Quality of service;Resource management;Servers;Service-oriented architecture;Web sites;Web service;control theory;learning;multi-tier architecture;resource allocation}, 
	doi={10.1109/SURV.2014.010814.00060}, 
	ISSN={1553-877X}
}

@INPROCEEDINGS{Egami2011, 
	author={Egami, K. and Matsumoto, S. and Nakamura, M.}, 
	booktitle={Pervasive Computing and Communications Workshops (PERCOM Workshops), 2011 IEEE International Conference on}, 
	title={Ubiquitous cloud: Managing service resources for adaptive ubiquitous computing}, 
	year={2011}, 
	month={March}, 
	pages={123-128}, 
	keywords={cloud computing;service-oriented architecture;ubiquitous computing;adaptive resource finder component;adaptive ubiquitous computing;cloud computing concept;context manager component;home network system;room environment relocation service;service concierge component;service resource management;service resource registry component;ubiquitous cloud;Context;Design automation;Home appliances;Sensors;Service oriented architecture;TV;adaptive ubiquitous services;cloud computing;service resource discovery;service-oriented architecture}, 
	doi={10.1109/PERCOMW.2011.5766853}
	}

@incollection{Folkerts2013,
	year={2013},
	isbn={978-3-642-36726-7},
	booktitle={Selected Topics in Performance Evaluation and Benchmarking},
	volume={7755},
	series={Lecture Notes in Computer Science},
	editor={Nambiar, Raghunath and Poess, Meikel},
	doi={10.1007/978-3-642-36727-4_12},
	title={Benchmarking in the Cloud: What It Should, Can, and Cannot Be},
	url={http://dx.doi.org/10.1007/978-3-642-36727-4_12},
	publisher={Springer Berlin Heidelberg},
	author={Folkerts, Enno and Alexandrov, Alexander and Sachs, Kai and Iosup, Alexandru and Markl, Volker and Tosun, Cafer},
	pages={173-188},
	language={English}
}

@book{Foster2004,
	address = {San Francisco},
	author = {Foster, I. and Kesselman, C.},
	edition = {2},
	pages = {748},
	publisher = {Morgan Kaufmann},
	title = {{The grid 2: Blueprint for a new computing infrastructure}},
	year = {2004}
}

@inproceedings{Foster2008,
	author = {Foster, Ian and Zhao, Yong and Raicu, Ioan and Lu, Shiyong},
	booktitle = {2008 Grid Computing Environments Workshop},
	doi = {10.1109/GCE.2008.4738445},
	file = {:home/pedro/Documents/Doutorado/referencias-doc/foster2008.pdf:pdf},
	isbn = {978-1-4244-2860-1},
	month = nov,
	pages = {1--10},
	publisher = {IEEE},
	title = {{Cloud Computing and Grid Computing 360-Degree Compared}},
	publisher = {http://ieeexplore.ieee.org/lpdocs/epic03/wrapper.htm?arnumber=4738445},
	year = {2008}
}

@inproceedings{galante2012,
	title={A survey on cloud computing elasticity},
	author={Galante, Guilherme and de Bona, Luis Carlos E},
	booktitle={Utility and Cloud Computing (UCC), 2012 IEEE Fifth International Conference on},
	pages={263--270},
	year={2012},
	organization={IEEE}
}

@book{Gray1992,
	author = {Gray, Jim},
	title = {Benchmark Handbook: For Database and Transaction Processing Systems},
	year = {1992},
	isbn = {1558601597},
	publisher = {Morgan Kaufmann Publishers Inc.},
	address = {San Francisco, CA, USA},
}


@mastersthesis{helder2014,
	author = 	 {Luz, Helder Jefferson Ferreira da},
	title = 	 {Um método para previsão de sobrecarga transiente em sistemas computacionais por meio de modelos dinâmicos obtidos empiricamente},
	school = 	 {Instituto de Ciências Matemáticas e de Computação, University of São Paulo},
	year = 	 {2014}	
}

@ARTICLE{Heilig2014, 
	author={Heilig, L. and Voss, S.}, 
	journal={Cloud Computing, IEEE Transactions on}, 
	title={A Scientometric Analysis of Cloud Computing Literature}, 
	year={2014}, 
	month={July}, 
	volume={2}, 
	number={3}, 
	pages={266-278}, 
	keywords={cloud computing;information analysis;pattern clustering;word processing;bibliographic database;cloud computing;keyword cluster analysis;publication patterns;research impact;research productivity;scientometric analysis;Bibliometrics;Cloud computing;Indexes;Market research;Productivity;Cloud computing;cloud computing research;keyword cluster analysis;scientometric analysis;scientometrics}, 
	doi={10.1109/TCC.2014.2321168}, 
	ISSN={2168-7161}
}

@book{Hellerstein2004,
	address = {Hoboken, NJ, USA},
	author = {Hellerstein, Joseph L. and Diao, Yixin and Parekh, Sujay and Tilbury, Dawn M.},
	doi = {10.1002/047166880X},
	edition = {1},
	isbn = {047126637X},
	month = aug,
	pages = {429},
	publisher = {John Wiley \& Sons, Inc.},
	title = {{Feedback Control of Computing Systems}},
	year = {2004}
}

@article{Hellerstein2005,
	author = {Hellerstein, J.L. and Parekh, Sujay and Griffith, Rean and Kaiser, G.E. and Phung, Dan},
	doi = {10.1109/JSAC.2005.857206},
	file = {:home/pedro/.local/share/data/Mendeley Ltd./Mendeley Desktop/Downloaded/Hellerstein et al. - 2005 - A control theory foundation for self-managing computing systems.pdf:pdf},
	issn = {0733-8716},
	journal = {IEEE Journal on Selected Areas in Communications},
	month = dec,
	number = {12},
	pages = {2213--2222},
	title = {{A control theory foundation for self-managing computing systems}},
	publisher = {http://ieeexplore.ieee.org/lpdocs/epic03/wrapper.htm?arnumber=1546093},
	volume = {23},
	year = {2005}
}

@ARTICLE{Hinnant1988, 
	author={Hinnant, D.F.}, 
	journal={Micro, IEEE}, 
	title={Accurate Unix benchmarking: art, science, or black magic?}, 
	year={1988}, 
	month={Oct}, 
	volume={8}, 
	number={5}, 
	pages={64-75}, 
	keywords={Unix;performance evaluation;Unix benchmarking;hardware variables;mathematical model;operating system environments;software variables;Art;Benchmark testing;Delay;Guidelines;Hardware;Logic;Measurement;Performance evaluation;Radio access networks;Subspace constraints}, 
	doi={10.1109/40.87531}, 
	ISSN={0272-1732}
}

@misc{Horn2001,
	author = {Horn, P.},
	file = {:home/pedro/Documents/Doutorado/referencias-doc/autonomic\_computing.pdf:pdf},
	title = {{Autonomic computing: IBM's Perspective on the State of Information Technology}},
	year = {2001}
}

@incollection{Huppler2009,
	author = {Huppler, Karl},
	chapter = {The Art of Building a Good Benchmark},
	title = {Performance Evaluation and Benchmarking},
	editor = {Nambiar, Raghunath and Poess, Meikel},
	year = {2009},
	isbn = {978-3-642-10423-7},
	pages = {18--30},
	numpages = {13},
	url = {http://dx.doi.org/10.1007/978-3-642-10424-4_3},
	doi = {10.1007/978-3-642-10424-4_3},
	acmid = {1692902},
	publisher = {Springer-Verlag},
	address = {Berlin, Heidelberg},
} 

@inproceedings{Inomata2011,
	author = {Inomata, Atsuo and Morikawa, Taiki and Ikebe, Minoru and Okamoto, Yoshihiro and Noguchi, Satoru and Fujikawa, Kazutoshi and Sunahara, Hideki and Rahman, S M M},
	booktitle = {2011 4th IFIP International Conference on New Technologies, Mobility and Security},
	doi = {10.1109/NTMS.2011.5720603},
	file = {:home/pedro/Documents/Doutorado/referencias-doc/Mar\c{c}o2012/05720603.pdf:pdf},
	isbn = {978-1-4244-8705-9},
	keywords = {-component,allocation,amazon ec2,and engineering,cloud computing,dynamic resource,md,mizanur rahman,school of information technology,sk},
	month = feb,
	pages = {1--6},
	publisher = {IEEE},
	title = {{Proposal and Evaluation of a Dynamic Resource Allocation Method Based on the Load of VMs on IaaS}},
	year = {2011}
}

@book{Jain1991,
	author = {Jain, Raj K.},
	file = {:home/edwin/Mendeley-Files/Jain/Unknown/Jain - 1991 - The Art of Computer Systems Performance Analysis Techniques for Experimental Design, Measurement, Simulation, and Modeling.pdf:pdf},
	isbn = {0471503363},
	pages = {685},
	publisher = {Wiley Computer Publishing, John Wiley \& Sons, Inc.},
	title = {{The Art of Computer Systems Performance Analysis: Techniques for Experimental Design, Measurement, Simulation, and Modeling}},
	howpublished = {http://books.google.com.br/books/about/The\_art\_of\_computer\_systems\_performance.html?id=t91QAAAAMAAJ\&redir\_esc},
	year = {1991}
}

@phdthesis{KaiSachs2010,
	title        = {Performance Modeling and Benchmarking of Event-Based Systems},
	author       = {Kai Sachs},
	year         = {2010},
	school       = {TU Darmstadt},
	publisher    = {Sierke Verlag},
	isbn         = {9783868443530},
	note         = {SPEC Distinguished Dissertation Award 2011},
	keywords     = {CEP, Event-based, Performance, event-processing, benchmark,
	middleware, jms},
	pdf          = {\url{http://www.dvs.tu-darmstadt.de/publications/pdf/PerMod_Benchmarking_EBS.pdf}}
}

@book{Kanoun2008,
	author = {Kanoun, Karama and Spainhower, Lisa},
	title = {Dependability Benchmarking for Computer Systems},
	year = {2008},
	isbn = {047023055X, 9780470230558},
	publisher = {Wiley-IEEE Computer Society Pr},
}

@INPROCEEDINGS{Kannan2011, 
	author={Kannan, S. and Gavrilovska, A. and Schwan, K.}, 
	booktitle={Distributed Computing Systems (ICDCS), 2011 31st International Conference on}, 
	title={Cloud4Home -- Enhancing Data Services with @Home Clouds}, 
	year={2011}, 
	month={June}, 
	pages={539-548}, 
	keywords={cloud computing;mobile computing;public domain software;virtual machines;Cloud4Home;Internet;Xen open source hypervisors;data services;gaming;home PC;home security applications;laptops;mobile devices;netbooks;social networks;video conversion services;virtualization technologies;x86-based mobile to server platforms;Cloud computing;Distributed databases;Dynamic scheduling;Peer to peer computing;Surveillance;@Home Services;Distributed Hash Table;Hand-held Platforms;Objects;Public Cloud;Virtualization}, 
	doi={10.1109/ICDCS.2011.74}, 
	ISSN={1063-6927}
}

@book{Karl2008,
	author = {Astrom, Karl Johan and Murray, Richard M.},
	title = {Feedback Systems: An Introduction for Scientists and Engineers},
	year = {2008},
	isbn = {0691135762, 9780691135762},
	publisher = {Princeton University Press},
	address = {Princeton, NJ, USA},
}

@inproceedings{Kistowski2015,
	author    = {J{\'{o}}akim v. Kistowski and
	Jeremy A. Arnold and
	Karl Huppler and
	Klaus{-}Dieter Lange and
	John L. Henning and
	Paul Cao},
	editor    = {Lizy K. John and
	Connie U. Smith and
	Kai Sachs and
	Catalina M. Llad{\'{o}}},
	title     = {How to Build a Benchmark},
	booktitle = {Proceedings of the 6th {ACM/SPEC} International Conference on Performance
	Engineering, Austin, TX, USA, January 31 - February 4, 2015},
	pages     = {333--336},
	publisher = {{ACM}},
	year      = {2015},
	url       = {http://doi.acm.org/10.1145/2668930.2688819},
	doi       = {10.1145/2668930.2688819},
	timestamp = {Sun, 25 Jan 2015 10:25:04 +0100},
	biburl    = {http://dblp.uni-trier.de/rec/bib/conf/wosp/KistowskiAHLHC15},
	bibsource = {dblp computer science bibliography, http://dblp.org}
}



@phdthesis{Kounev2005,
	title        = {Performance Engineering of Distributed Component-Based
	Systems - Benchmarking, Modeling and Performance Prediction},
	author       = {Kounev, Samuel},
	month        = {August},
	year         = {2005},
	school       = {Technische Universit{\"{a}}t Darmstadt},
	publisher    = {Shaker-Verlag},
	address      = {Fachbereich Informatik, Darmstadt, Germany},
	isbn         = {978-3-8322-4713-3},
	website      = {\url{http://www.shaker.de/Online-Gesamtkatalog/Details.asp?ID=0&ISBN=3-8322-4713-0&Reihe=0}}
}

@ARTICLE{Krishnamurthy2006, 
	author={Krishnamurthy, D. and Rolia, J.A. and Majumdar, S.}, 
	journal={Software Engineering, IEEE Transactions on}, 
	title={A Synthetic Workload Generation Technique for Stress Testing Session-Based Systems}, 
	year={2006}, 
	month={Nov}, 
	volume={32}, 
	number={11}, 
	pages={868-882}, 
	keywords={electronic commerce;performance evaluation;program testing;TPC-W e-commerce system;e-commerce system;enterprise application;performance evaluation;sensitivity analyses;stress testing session-based system;synthetic workload generation technique;Application software;Character generation;Computer Society;Delay;Occupational stress;Sensitivity analysis;Stress control;System performance;System testing;Web server;Internet applications;Performance of systems;Web servers.;electronic commerce;measurement techniques;modeling techniques;software engineering;testing tools}, 
	doi={10.1109/TSE.2006.106}, 
	ISSN={0098-5589}
}

@book{Janert2013,
	author = {Janert, Philipp K.},
	title = {Feedback Control for Computer Systems},
	year = {2013},
	isbn = {1449361692, 9781449361693},
	publisher = {O'Reilly Media, Inc.},
} 

@article{Jutla1999,
	author = {Jutla, Dawn and Bodorik, Peter and Wang, Yie},
	doi = {10.1016/S0306-4379(99)00028-9},
	issn = {03064379},
	journal = {Information Systems},
	keywords = {com,e-commerce benchmark,e-commerce performance measurement,internet business model,technology,web transaction processing},
	month = sep,
	number = {6},
	pages = {475--493},
	title = {{Developing internet e-commerce benchmarks}},
	howpublished = {http://linkinghub.elsevier.com/retrieve/pii/S0306437999000289},
	volume = {24},
	year = {1999}
}


@INPROCEEDINGS{Lourenco2015,
	author={Lourenço Alves Pereira Júnior, Edwin Luis Choquehuanca
	Mamani, Marcos José Santana, Regina Helena Carlucci Santana,
	Pedro Northon Nobile and Francisco José Monaco},
	booktitle={The 27th International Symposium on Computer Architecture
	and High Performance Computing (SBAC-PAD).},
	title={Non-stationary simulation of computer systems anddynamic
	performance evaluation: a concern-basedapproach and case study on
	cloud computing},
	year={2015},
	pages={(in print)},
	month={Oct}
	}

@inproceedings{Lu2000,
	author = {Lu, Chenyang and Stankovic, John A. and Abdelzaher, Tarek F. and Tao, Gang and Son, Sang H. and Marley, Michael},
	title = {Performance Specifications and Metrics for Adaptive Real-time Systems},
	booktitle = {Proceedings of the 21st IEEE Conference on Real-time Systems Symposium},
	series = {RTSS'10},
	year = {2000},
	isbn = {0-7695-0900-2},
	location = {Orlando, Florida},
	pages = {13--23},
	numpages = {11},
	url = {http://dl.acm.org/citation.cfm?id=1890629.1890632},
	acmid = {1890632},
	publisher = {IEEE Computer Society},
	address = {Washington, DC, USA},
} 

@article{Mahmoud2002,
	author = {Mahmoud M. Yasin},
	title = {The theory and practice of benchmarking: then and now},
	journal = {Benchmarking: An International Journal},
	volume = {9},
	number = {3},
	pages = {217-243},
	year = {2002},
	doi = {10.1108/14635770210428992},	
	URL = {http://dx.doi.org/10.1108/14635770210428992}
}

@INPROCEEDINGS{Mark2007, 
	author={Mark, K. and Csaba, L.}, 
	booktitle={Intelligent Engineering Systems, 2007. INES 2007. 11th International Conference on}, 
	title={Analyzing Customer Behavior Model Graph (CBMG) using Markov Chains}, 
	year={2007}, 
	month={June}, 
	pages={71-76}, 
	keywords={Markov processes;electronic commerce;graph theory;Markov chain;customer behavior model graph;e-business application;e-commerce;system workload;Automation;Informatics;Intelligent systems;Length measurement;Navigation;Parameter estimation;Queueing analysis;Systems engineering and theory;Customer Behavior Model Graph (CBMG);E-Commerce;Markov chain;performance}, 
	doi={10.1109/INES.2007.4283675}
}

@incollection{Marco2012,
	author    = {Marco Vieira and Henrique Madeira and Kai Sachs and Samuel Kounev},
	title     = {Resilience Benchmarking},
	booktitle = {Resilience Assessment and Evaluation of Computing Systems},
	pages     = {283--301},
	year      = {2012},
	url       = {http://dx.doi.org/10.1007/978-3-642-29032-9_14},
	doi       = {10.1007/978-3-642-29032-9_14},
	timestamp = {Sat, 15 Feb 2014 19:38:51 +0100},
	biburl    = {http://dblp.uni-trier.de/rec/bib/books/sp/wolter2012/VieiraMSK12},
	bibsource = {dblp computer science bibliography, http://dblp.org}
}

@book{Menasce2001,
	author = {Menasce, Daniel A. and Almeida, Virgilio},
	title = {Capacity Planning for Web Services: Metrics, Models, and Methods},
	year = {2001},
	isbn = {0130659037},
	edition = {1st},
	publisher = {Prentice Hall PTR},
	address = {Upper Saddle River, NJ, USA},
} 

@article{Menasce2002,
	author = {Menasce, D.A.},
	doi = {10.1109/MIC.2002.1003136},
	issn = {1089-7801},
	journal = {IEEE Internet Computing},
	mendeley-groups = {Edwin/adriana},
	month = may,
	number = {3},
	pages = {83--87},
	title = {{TPC-W: a benchmark for e-commerce}},
	howpublished = {http://ieeexplore.ieee.org/lpdocs/epic03/wrapper.htm?arnumber=1003136},
	volume = {6},
	year = {2002}
}

@inproceedings{Mi2008,
	author = {Mi, Ningfang and Casale, Giuliano and Cherkasova, Ludmila and Smirni, Evgenia},
	title = {Burstiness in Multi-tier Applications: Symptoms, Causes, and New Models},
	booktitle = {Proceedings of the 9th ACM/IFIP/USENIX International Conference on Middleware},
	series = {Middleware '08},
	year = {2008},
	isbn = {3-540-89855-7},
	location = {Leuven, Belgium},
	pages = {265--286},
	numpages = {22},
	url = {http://dl.acm.org/citation.cfm?id=1496950.1496967},
	acmid = {1496967},
	publisher = {Springer-Verlag New York, Inc.},
	address = {New York, NY, USA},
	keywords = {bottleneck switch, bursty workload, capacity planning, index of dispersion, multi-tier systems, sessions, transactions},
} 

@inproceedings{Mi2009,
	author = {Mi, Ningfang and Casale, Giuliano and Cherkasova, Ludmila and Smirni, Evgenia},
	title = {Injecting Realistic Burstiness to a Traditional Client-server Benchmark},
	booktitle = {Proceedings of the 6th International Conference on Autonomic Computing},
	series = {ICAC '09},
	year = {2009},
	isbn = {978-1-60558-564-2},
	location = {Barcelona, Spain},
	pages = {149--158},
	numpages = {10},
	howpublished = {http://doi.acm.org/10.1145/1555228.1555267},
	doi = {10.1145/1555228.1555267},
	acmid = {1555267},
	publisher = {ACM},
	address = {New York, NY, USA},
	volume = {1},
	keywords = {burstiness, client-server benchmarks, index of dispersion, performance evaluation of self-managed systems}
} 

@article{Mi2010,
	year={2010},
	issn={1867-4828},
	journal={Journal of Internet Services and Applications},
	volume={1},
	number={2},
	doi={10.1007/s13174-010-0012-9},
	title={Sizing multi-tier systems with temporal dependence: benchmarks and analytic models},
	url={http://dx.doi.org/10.1007/s13174-010-0012-9},
	publisher={Springer-Verlag},
	keywords={Enterprise system; Capacity planning; Temporal dependence; Burstiness; Performance benchmarking},
	author={Mi, Ningfang and Casale, Giuliano and Cherkasova, Ludmila and Smirni, Evgenia},
	pages={117-134},
	language={English}
}

@incollection{Muller2009,
	address = {Salerno, Italy},
	author = {M\"{u}ller, Hausi and Kienle, Holger and Stege, Ulrike},
	booktitle = {Software Engineering},
	doi = {10.1007/978-3-540-95888-8\_2},
	editor = {De-Lucia, Andrea and Ferrucci, Filomena},
	file = {:home/monaco/.local/share/data/Mendeley Ltd./Mendeley Desktop/Downloaded/M\"{u}ller, Kienle, Stege - 2009 - Autonomic Computing Now You See It, Now You Don't Design and Evolution of Autonomic Software Systems.pdf:pdf},
	isbn = {978-3-540-95887-1},
	keywords = {adaptive systems,autonomic,autonomic computing,autonomic element,autonomic patterns,computing reference architecture,continuous evolution,feedback loops,plexity management,self-,self-managing systems,software com-,software ecosystems},
	pages = {32--54},
	publisher = {Springer-Verlag Berlin Heidelberg},
	title = {{Autonomic Computing Now You See It, Now You Don't: Design and Evolution of Autonomic Software Systems}},
	howpublished = {http://dx.doi.org/10.1007/978-3-540-95888-8\_2},
	volume = {5413/2009},
	year = {2009}
}

@incollection{MouraeSilva1999,
	address = {Upper Saddle River, NJ, USA},
	author = {{Moura e Silva}, L. and Buyya, R.},
	booktitle = {High Performance Cluster Computing: Architectures and Systems Systems},
	chapter = {1},
	edition = {1},
	file = {:home/pedro/Documents/Doutorado/referencias-doc/moura1999.pdf:pdf},
	pages = {4--27},
	publisher = {Prentice Hall},
	title = {{Parallel Programming Models and Paradigms}},
	year = {1999}
}

@article{mytkowicz2009,
	title={Computer systems are dynamical systems},
	author={Mytkowicz, Todd and Diwan, Amer and Bradley, Elizabeth},
	journal={Chaos: An Interdisciplinary Journal of Nonlinear Science},
	volume={19},
	number={3},
	pages={033124},
	year={2009},
	publisher={AIP Publishing}
}


@ARTICLE{Narendra1997, 
	author={Narendra, K.S. and Balakrishnan, J.}, 
	journal={Automatic Control, IEEE Transactions on}, 
	title={Adaptive control using multiple models}, 
	year={1997}, 
	month={Feb}, 
	volume={42}, 
	number={2}, 
	pages={171-187}, 
	keywords={adaptive control;intelligent control;linear systems;model reference adaptive control systems;stability;switching;transient response;tuning;adaptive control;intelligent control;linear time-invariant system;model reference control;multiple models;stability;switching;transient response;tuning;Adaptive control;Adaptive systems;Context modeling;Control systems;Design methodology;Intelligent control;Programmable control;Stability;Transient response;Uncertainty}, 
	doi={10.1109/9.554398}, 
	ISSN={0018-9286}
}

@inproceedings{nobile2007,
	author = {Nobile, Pedro N. and Lopes, Roberto R. F. and Moron, Celio E. and Trevelin, Luis C.},
	booktitle = {11th IEEE International Symposium on Distributed Simulation and Real-Time Applications (DS-RT'07)},
	doi = {10.1109/DS-RT.2007.34},
	file = {:home/pedro/Documents/Doutorado/referencias-doc/30110261.pdf:pdf},
	isbn = {0-7695-3011-7},
	month = oct,
	pages = {261--267},
	publisher = {IEEE},
	title = {{QoS Proxy Architecture for Real Time RPC with Traffic Prediction}},
	publisher = {http://ieeexplore.ieee.org/lpdocs/epic03/wrapper.htm?arnumber=4384556},
	year = {2007}
}

@phdthesis{Nobile2013,
	author = {Nobile, Pedro Northon},
	title = {{Projeto de um Broker de Gerenciamento Adaptativo de Recursos em Computa\c{c}\~{a}o em Nuvem Baseado em T\'{e}cnicas de Controle Realimentado}},
	school = {Instituto de Ciências Matemáticas e de Computação (ICMC), Universidade de São Paulo - USP},
	year = {2013}
}

@book{Ogata2001,
	author = {Ogata, Katsuhiko},
	title = {Modern Control Engineering},
	year = {2001},
	isbn = {0130609072},
	edition = {4th},
	publisher = {Prentice Hall PTR},
	address = {Upper Saddle River, NJ, USA},
}

@article{Padala2007,
	author = {Padala, Pradeep and Shin, Kang G. and Zhu, Xiaoyun and Uysal, Mustafa and Wang, Zhikui and Singhal, Sharad and Merchant, Arif and Salem, Kenneth},
	title = {Adaptive Control of Virtualized Resources in Utility Computing Environments},
	journal = {SIGOPS Oper. Syst. Rev.},
	issue_date = {June 2007},
	volume = {41},
	number = {3},
	month = mar,
	year = {2007},
	issn = {0163-5980},
	pages = {289--302},
	numpages = {14},
	url = {http://doi.acm.org/10.1145/1272998.1273026},
	doi = {10.1145/1272998.1273026},
	acmid = {1273026},
	publisher = {ACM},
	address = {New York, NY, USA},
	keywords = {application QoS, control theory, data center, resource utilization, server consolidation, virtualization},
} 


@ARTICLE{Price1989, 
	author={Price, W.J.}, 
	journal={Micro, IEEE}, 
	title={A benchmark tutorial}, 
	year={1989}, 
	month={Oct}, 
	volume={9}, 
	number={5}, 
	pages={28-43}, 
	keywords={computer testing;performance evaluation;Dhrystone 1.1;Digital Review;Dodec;Khornerstone;Linpack;Livermore Fortran Kernel;SPICE;Stanford;benchmark tests;benchmarking;computer systems;single-precision Whetstone benchmarks;Benchmark testing;Optimizing compilers;Software testing;System performance;System testing;Tutorials}, 
	doi={10.1109/40.45825}, 
	ISSN={0272-1732}
}

@inproceedings{Quiroz2009,
	abstract = {This paper explores autonomic approaches for optimizing provisioning for heterogeneous workloads on enterprise grids and clouds. Specifically, this paper presents a decentralized, robust online clustering approach that addresses the distributed nature of these environments, and can be used to detect patterns and trends, and use this information to optimize provisioning of virtual (VM) resources. It then presents a model-based approach for estimating application service time using long-term application performance monitoring, to provide feedback about the appropriateness of requested resources as well as the system's ability to meet QoS constraints and SLAs. Specifically for high-performance computing workloads, the use of a quadratic response surface model (QRSM) is justified with respect to traditional models, demonstrating the need for application-specific modeling. The proposed approaches are evaluated using a real computing center workload trace and the results demonstrate both their effectiveness and cost-efficiency.},
	author = {Quiroz, A and Kim, Hyunjoo and Parashar, M and Gnanasambandam, N and Sharma, N},
	booktitle = {Grid Computing, 2009 10th IEEE/ACM International Conference on},
	doi = {10.1109/GRID.2009.5353066},
	file = {:home/pedro/.local/share/data/Mendeley Ltd./Mendeley Desktop/Downloaded/Quiroz et al. - 2009 - Towards autonomic workload provisioning for enterprise Grids and clouds.pdf:pdf},
	keywords = {QoS constraint,autonomic workload provisioning,clo},
	pages = {50--57},
	title = {{Towards autonomic workload provisioning for enterprise Grids and clouds}},
	year = {2009}
}

@phdthesis{Ricardo1995,
	author = {Ricardo Rodrigues Ciferri},
	title = {{Um benchmark voltado a analise de desempenho de sistemas de informa\c{c}\~{o}es geograficas}},
	school = {Instituto de Matemática, Estatística e Computação Científica, Universidade Estadual de Campinas - Unicamp},
	year = {1995}
}


@INPROCEEDINGS{Rosu1997, 
	author={Rosu, D. and Schwan, K. and Yalamanchili, S. and Jha, R.}, 
	booktitle={Real-Time Systems Symposium, 1997. Proceedings., The 18th IEEE}, 
	title={On adaptive resource allocation for complex real-time applications}, 
	year={1997}, 
	month={Dec}, 
	pages={320-329}, 
	keywords={command and control systems;computability;real-time systems;resource allocation;software metrics;software performance evaluation;timing;C31 systems;adaptive resource allocation;complex real-time applications;data-dependent;embedded system platforms;high-performance real-time applications;limited resource availability;over-sizing;performance metrics;resource needs;satisfiability;time-critical applications;timing constraints;worst-case application needs;Availability;Contracts;Embedded system;Measurement;Radar tracking;Real time systems;Resource management;Runtime;Time factors;Timing}, 
	doi={10.1109/REAL.1997.641293}, 
	ISSN={1052-8725}
}

@book{Scheinerman1995,
	author = {Scheinerman, Edward R.},
	day = {04},
	edition = {1},
	howpublished = {pdf},
	isbn = {0131850008},
	keywords = {matematicas},
	month = {aug},
	posted-at = {2008-01-31 15:10:47},
	priority = {2},
	publisher = {Prentice Hall College Div},
	title = {{Invitation to Dynamical Systems}},
	url = {http://www.worldcat.org/isbn/0131850008},
	year = {1995}
}



@article{Stefan2010,
	author = {Stefan Bouckaert, Jono Vanhie-Van Gerwen, Ingrid Moerman},
	title = {{Benchmarking computers and computer networks}},
	volume = {39},
	year = {2010}
}


@MISC{Sobel2008,
	author = {Will Sobel and Shanti Subramanyam and Akara Sucharitakul and Jimmy Nguyen and Hubert Wong and Arthur Klepchukov and Sheetal Patil and O Fox and David Patterson},
	title = {Cloudstone: Multi-platform, multi-language benchmark and measurement tools for web 2.0},
	year = {2008}
}

@INPROCEEDINGS{Shirazi1999,
	author = {Behrooz Shirazi and Lonnie Welch and Binoy Ravindran and Charles Cavanaugh and Bharath Yanamula and Russ Brucks and Eui-nam Huh},
	title = {DynBench: A Dynamic Benchmark Suite for Distributed Real-time Systems},
	booktitle = {In Parallel and Distributed Processing: IPPS/SPDP Workshops},
	year = {1999},
	pages = {1335--1349},
	publisher = {Springer}
}

@techreport{Tania2012,
	author = "Lorido-Botr{\'a}n, Tania and Miguel-Alonso, Jos{\'e} and Lozano, Jose Antonio",
	abstract = "A review of proposals for auto-scaling applications on elastic environments such as public clouds, with focus on scalable web applications. ",
	institution = "Department of Computer Architecture and Technology, UPV/EHU",
	number = "EHU-KAT-IK",
	title = "{A}uto-scaling {T}echniques for {E}lastic {A}pplications in {C}loud {E}nvironments",
	type = "Research",
	year = "2012"
}


@article{tsonis1989,
	title={Chaos: Principles and implications in biology},
	author={Tsonis, Panagiotis A and Tsonis, Anastasios A},
	journal={Computer applications in the biosciences: CABIOS},
	volume={5},
	number={1},
	pages={27--32},
	year={1989},
	publisher={Oxford Univ Press}
}

@article{Vaquero2008,
	author = {Vaquero, Luis M and Rodero-Merino, Luis and Caceres, Juan and Lindner, Maik},
	doi = {10.1145/1496091.1496100},
	file = {:home/pedro/Documents/Doutorado/referencias-doc/p50-vaquero.pdf:pdf},
	issn = {01464833},
	journal = {ACM SIGCOMM Computer Communication Review},
	keywords = {cloud computing,cloud definition,grid},
	month = dec,
	number = {1},
	pages = {50},
	title = {{A break in the clouds}},
	publisher = {http://portal.acm.org/citation.cfm?doid=1496091.1496100},
	volume = {39},
	year = {2008}
}

@inproceedings{vazquez2014,
	title={Cloud Computing Benchmarking: A Survey},
	author={Vazquez, C and Krishnan, R and John, E},
	booktitle={Proceedings of the International Conference on Grid Computing and Applications (GCA)},
	pages={1},
	year={2014},
	organization={The Steering Committee of The World Congress in Computer Science, Computer Engineering and Applied Computing (WorldComp)}
}

@article{Zhang2007,
	address = {Los Alamitos, CA, USA},
	author = {Zhang, Jian and Kim, Jaeseok and Yousif, Mazin and Carpenter, Robert and Figueiredo, Renato J},
	doi = {10.1109/CLUSTR.2007.4629261},
	file = {:home/pedro/.local/share/data/Mendeley Ltd./Mendeley Desktop/Downloaded/Zhang et al. - 2007 - System-level performance phase characterization for on-demand resource provisioning.pdf:pdf},
	isbn = {978-1-4244-1387-4},
	journal = {2007 IEEE International Conference on Cluster Computing},
	pages = {434--439},
	publisher = {IEEE},
	title = {{System-level performance phase characterization for on-demand resource provisioning}},
	volume = {0},
	year = {2007}
}

@inproceedings{Zhang2011,
	author = {Zhang, Zhenzhong and Wang, Haiyan and Xiao, Limin and Ruan, Li},
	booktitle = {2011 International Conference on Cloud and Service Computing},
	doi = {10.1109/CSC.2011.6138531},
	file = {:home/pedro/Documents/Doutorado/referencias-doc/Mar\c{c}o2012/06138531.pdf:pdf},
	isbn = {978-1-4577-1637-9},
	keywords = {-cloud computing,2,balancing,hardware resources via over-,have led to better,higher utilization of underlying,load,microsoft pro,performance isolation,resource management,statistical},
	month = dec,
	pages = {266--273},
	publisher = {IEEE},
	title = {{A statistical based resource allocation scheme in cloud}},
	year = {2011}
}

@inproceedings{wang2008,
	author = {Wang, Xiaorui and Chen, Ming},
	booktitle = {2008 IEEE 14th International Symposium on High Performance Computer Architecture},
	doi = {10.1109/HPCA.2008.4658631},
	file = {:home/pedro/Documents/Doutorado/referencias-doc/04658631.pdf:pdf},
	isbn = {978-1-4244-2070-4},
	issn = {1530-0897},
	month = feb,
	pages = {101--110},
	publisher = {IEEE},
	title = {{Cluster-level feedback power control for performance optimization}},
	publisher = {http://ieeexplore.ieee.org/lpdocs/epic03/wrapper.htm?arnumber=4658631},
	year = {2008}
}

@mastersthesis{Weber2014,
	address = {Am Fasanengarten 5, 76131 Karlsruhe, Germany},
	author = {Andreas Weber},
	keywords = {Load Intensity, Benchmark, Cloud, Elasticity},
	school = {{Karlsruhe Institute of Technology (KIT)}},
	title = {{Resource Elasticity Benchmarking in Cloud Environments}},
	type = {{Master Thesis}},
	year = {2014},
	month = {August},
	slides = {http://se2.informatik.uni-wuerzburg.de/pa//uploads/slides/slides-paper-770.pdf},
	pdf = {https://sdqweb.ipd.kit.edu/publications/pdfs/Weber2014.pdf}
}

@book{willems2013,
	title={Introduction to mathematical systems theory: a behavioral approach},
	author={Willems, Jan C and Polderman, Jan W},
	volume={26},
	year={2013},
	publisher={Springer Science \& Business Media}
}

@article{Yang2012,
	title={A descriptive literature review and classification of cloud computing research},
	author={Yang, Haibo and Tate, Mary},
	journal={Communications of the Association for Information Systems},
	volume={31},
	number={2},
	pages={35--60},
	year={2012}
}